% This file was created with JabRef 2.7b.
% Encoding: UTF-8

@MISC{dilbert,
  author = {Scott Adams},
  month = {10},
  year = {2001},
  owner = {bruno},
  timestamp = {2012.04.02},
  url = {http://www.dilbert.com}
}

@comment{jabref-meta: selector_publisher:}

@comment{jabref-meta: selector_author:}

@comment{jabref-meta: selector_journal:}

@comment{jabref-meta: selector_keywords:}

